%% This BibTeX bibliography file was created using BibDesk.
%% http://www.cs.ucsd.edu/~mmccrack/bibdesk.html


%% Created for Nien-Po Chen at 2006-05-11 17:32:17 +0800 


%% Saved with string encoding Unicode (UTF-8) 

@article{abu2014uplink,
  	title={Uplink scheduling in {LTE} and {LTE}-{A}dvanced: Tutorial, survey and evaluation framework},
  	author={Abu-Ali, Najah and Taha, Abd-Elhamid M and Salah, Mohamed and Hassanein, Hossam},
  	journal={IEEE Communications Surveys \& Tutorials},
  	volume={16},
  	number={3},
  	pages={1239--1265},
  	year={Mar. 2014},
  	publisher={IEEE}
}

@book{QCI_spec,	
	title = {3GPP, Tech. Specif. Group Services and System Aspects - Policy 
	and charging control architecture (Release 9), 3GPP TS 23.203},       
	year={Mar. 2011},
}
@book{PHY_Channel_spec,	
	title = {3GPP, Tech. Specif. Group Radio Access Network - Evolved Universal
	Terrestrial Radio Access (E-UTRA) and Evolved Universal Terrestrial
	Radio Access Network (E-UTRAN); Physical channels and modulation (Release 13), 3GPP TS 36.211},   
	year={Jan. 2016},     
}
@book{PHY_spec,	
	title = {3GPP, Tech. Specif. Group Radio Access Network - Evolved Universal
	Terrestrial Radio Access (E-UTRA) and Evolved Universal Terrestrial
	Radio Access Network (E-UTRAN); Physical layer procedure (Release 13), 3GPP TS 36.213},   
	year={May 2016},     
}
@book{FDD_TDD_spec,	
	title = {3GPP, Tech. Specif. Group Radio Access Network - Evolved Universal
	Terrestrial Radio Access (E-UTRA) and Evolved Universal Terrestrial
	Radio Access Network (E-UTRAN); Overall description; Stage 2 (Release 11), 3GPP TS 36.300},       
	year={Nov. 2012}, 
}
@book{MAC_spec,	
	title = {3GPP, Tech. Specif. Group Radio Access Network - Evolved Universal
	Terrestrial Radio Access (E-UTRA) and Evolved Universal Terrestrial
	Radio Access Network (E-UTRAN); Medium Access Control (MAC)
	protocol specification (Release 13), 3GPP TS 36.321}, 
	year={Aug. 2016},      
}
@book{RLC_spec,	
	title = {3GPP, Tech. Specif. Group Radio Access Network - Evolved Universal
	Terrestrial Radio Access (E-UTRA) and Evolved Universal Terrestrial
	Radio Access Network (E-UTRAN); Radio Link Control (RLC) protocol
	specification (Release 13), 3GPP TS 36.322},   
	year={Aug. 2016},    
}
@book{PDCP_spec,	
	title = {3GPP, Tech. Specif. Group Radio Access Network - Evolved Universal
	Terrestrial Radio Access (E-UTRA) and Evolved Universal Terrestrial
	Radio Access Network (E-UTRAN); Packet Data Convergence Protocol
	(PDCP) specification (Release 13), 3GPP TS 36.323}, 
	year={Jan. 2016},      
}
@book{UE_spec,	
	title = {3GPP, Tech. Specif. Group Radio Access Network - Evolved Universal
	Terrestrial Radio Access (E-UTRA) and Evolved Universal Terrestrial
	Radio Access Network (E-UTRAN); User Equipment (UE) radio transmission 
	and reception (Release 12), 3GPP TS 36.101},       
	year={Oct. 2015},
}

@book{jain1984,
  title={A quantitative measure of fairness and discrimination for resource allocation in shared computer system},
  author={Jain, Raj and Chiu, Dah-Ming and Hawe, William R},
  volume={38},
  year={Sep. 1984}
}


@article{andr2001, 
author={M. Andrews and K. Kumaran and K. Ramanan and A. Stolyar and P. Whiting and R. Vijayakumar}, 
journal={IEEE Communications Magazine}, 
title={Providing quality of service over a shared wireless link}, 
year={Feb. 2001}, 
volume={39}, 
number={2}, 
pages={150-154}, 
}

@inproceedings{fmerme2008,
  title={Channel-aware scheduling algorithms for {SC-FDMA} in {LTE} uplink},
  author={Ruiz De Temi{\v{n}}o, Luis {\'A}ngel Maestro and Berardinelli, Gilberto and Frattasi, Simone and Mogensen, Preben},
  booktitle={Proc. IEEE International Symposium on Personal  Indoor and Mobile Radio Communications (PIMRC)},
  pages={1--6},
  year={Sep. 2008},
}

@article{ferng2009,
  title={Design of fair scheduling schemes for the {Q}o{S}-oriented wireless {LAN}},
  author={Ferng, Huei Wen and Liau, Han Yu},
  journal={IEEE Transactions on Mobile Computing},
  volume={8},
  number={7},
  pages={880--894},
  year={Nov. 2009},
}

@inproceedings{lee2009, 
author={S. B. Lee and I. Pefkianakis and A. Meyerson and S. Xu and S. Lu}, 
booktitle={Proc. IEEE International Conference on Computer Communications (INFOCOM)}, 
title={Proportional fair frequency-domain packet scheduling for 3{GPP} {LTE} uplink}, 
year={Apr. 2009}, 
pages={2611-2615}, 
}

@inproceedings{sand2010, 
author={K. Sandrasegaran and H. A. Mohd Ramli and R. Basukala}, 
booktitle={Proc. IEEE Wireless Communication and Networking Conference}, 
title={Delay-prioritized scheduling ({DPS}) for real time traffic in 3{GPP} {LTE} system}, 
year={Apr. 2010}, 
pages={1-6}, 
}

@inproceedings{prad2009, 
author={K. V. Pradap and V. Ramachandran and S. Kalyanasundaram}, 
booktitle={Proc. IEEE Wireless Communications and Networking Conference}, 
title={Uplink buffer status reporting for delay constrained flows in 3{GPP} long term evolution}, 
year={Apr. 2009}, 
pages={1-6}, 
}

@article{ltesim2011,
  title={Simulating {LTE} cellular systems: {A}n open-source framework},
  author={Piro, Giuseppe and Grieco, Luigi Alfredo and Boggia, Gennaro and Capozzi, Francesco and Camarda, Pietro},
  journal= {IEEE Transactions on Vehicular Technology},
  volume={60},
  number={2},
  pages={498--513},
  year={Nov. 2011},
}

@inproceedings{kim2012, 
author={Jeongchan Kim and Donggeun Kim and Youngnam Han}, 
booktitle={Proc. IEEE Global Communications Conference (GLOBECOM)}, 
title={Proportional fair scheduling algorithm for {SC-FDMA} in {LTE} uplink}, 
year={Dec. 2012}, 
pages={4816-4820}, 
}

@inproceedings{safa2013ieee,
author={H. Safa and W. El-Hajj and K. Tohme}, 
booktitle={Proc. IEEE International Conference on Advanced Information Networking and Applications ({AINA})}, 
title={A {Q}o{S}-aware uplink scheduling paradigm for {LTE} networks}, 
year={Mar. 2013}, 
pages={1097-1104}, 
}

@article{francis2014ieee, 
author={J. Francis and N. B. Mehta}, 
journal={IEEE Transactions on Wireless Communications}, 
title={{EESM}-based link adaptation in point-to-point and multi-cell {OFDM} systems: Modeling and analysis}, 
year={Jan. 2014}, 
volume={13}, 
number={1}, 
pages={407-417},
}

@inproceedings{safa2012, 
author={H. Safa and K. Tohme}, 
booktitle={Proc. International Conference on Telecommunications (ICT)}, 
title={{LTE} uplink scheduling algorithms: Performance and challenges}, 
year={Apr. 2012}, 
pages={1-6}, 
}

@inproceedings{kess2012, 
author={A. Kessab and F. Z. Kaddour and E. Vivier and L. Mroueh and M. Pischella and P. Martins}, 
booktitle={Proc. International Symposium on Wireless Communication Systems (ISWCS)}, 
title={Gain of multi-resource block allocation and tuning in the uplink of {LTE} networks}, 
year={Aug. 2012}, 
pages={321-325}, 
}

@inproceedings{mukh2015, 
author={A. Mukhopadhyay and G. Das and V. Sudheer Kumar Reddy}, 
booktitle={Proc. IEEE International Conference on Communications (ICC)}, 
title={A fair uplink scheduling algorithm to achieve higher {MAC} layer throughput in {LTE}}, 
year={Jun. 2015}, 
pages={3119-3124}, 
}

@inproceedings{mehta2012, 
author={M. Mehta and S. Khakurel and A. Karandikar}, 
booktitle={2012 IEEE Wireless Communications and Networking Conference (WCNC)}, 
title={Buffer-based channel dependent uplink scheduling in relay-assisted {LTE} networks}, 
year={Apr. 2012}, 
pages={1777-1781}, 
}

@article{damn2011, 
author={A. Damnjanovic and J. Montojo and Y. Wei and T. Ji and T. Luo and M. Vajapeyam and T. Yoo and O. Song and D. Malladi}, 
journal={IEEE Wireless Communications}, 
title={A survey on 3{GPP} heterogeneous networks}, 
year={Jun. 2011}, 
volume={18}, 
number={3}, 
pages={10-21}, 
}

@inproceedings{rana2010, 
author={M. M. Rana and M. S. Islam and A. Z. Kouzani}, 
booktitle={Proc. International Conference on Communication Software and Networks (ICCSN)}, 
title={Peak to average power ratio analysis for {LTE} systems}, 
year={Feb. 2010}, 
pages={516-520}, 
}

@inproceedings{kana2015, 
author={A. Kanagasabai and A. Nayak}, 
booktitle={Proc. IEEE International Conference on Communication Workshop (ICCW)}, 
title={Opportunistic dual metric scheduling algorithm for {LTE} uplink}, 
year={Jun. 2015}, 
pages={1446-1451}, 
}

@inproceedings{arsh2015, 
author={K. Arshad}, 
booktitle={Proc. International Conference on Communications, Signal Processing, and their Applications (ICCSPA)}, 
title={{LTE} system level performance in the presence of {CQI} feedback uplink delay and mobility}, 
year={Feb. 2015}, 
pages={1-5}, 
}

@inproceedings{su2016, 
author={R. R. Su and I. S. Hwang}, 
booktitle={Proc. IEEE International Conference on Industrial Technology (ICIT)}, 
title={Efficient resource allocation scheme with grey relational analysis for the uplink scheduling of 3{GPP} {LTE} networks}, 
year={Mar. 2016}, 
pages={599-603}, 
}

@inproceedings{ben2015, 
author={M. Ben Hcine and R. Bouallegue}, 
booktitle={Proc. International Wireless Communications and Mobile Computing Conference (IWCMC)}, 
title={Analysis of uplink effective {SINR} in {LTE} networks}, 
year={Aug. 2015}, 
pages={425-430}, 
}

@article{piro2013,
  title={Downlink packet scheduling in {LTE} cellular networks: Key design issues and a survey},
  author={Capozzi, Francesco and Piro, Giuseppe and Grieco, Luigi Alfredo and Boggia, Gennaro and Camarda, Pietro},
  journal={IEEE Communications Surveys \& Tutorials},
  volume={15},
  number={2},
  pages={678--700},
  year={Jun. 2013},
}

@inproceedings{wang2014, 
author={C. Wang and Y. P. Chung and K. C. Ting and C. C. Tseng and H. C. Wang and F. C. Kuo}, 
booktitle={Proc. IEEE International Conference on Consumer Electronics - Taiwan (ICCE-TW)}, 
title={Hybrid maximum-rate and proportional-fairness resource allocation in the downlink of {LTE} networks}, 
year={May 2014}, 
pages={23-24}, 
}

@inproceedings{ahme2016, 
author={R. E. Ahmed and H. M. AlMuhallabi}, 
booktitle={Proc. International Conference on Industrial Informatics and Computer Systems (CIICS)}, 
title={Throughput-fairness tradeoff in {LTE} uplink scheduling algorithms}, 
year={Mar. 2016}, 
pages={1-4}, 
}

@techreport{kush2002,
  title={Asymptotic properties of proportional-fair sharing algorithms},
  author={Kushner, Harold J and Whiting, Philip A},
  year={May 2002},
  institution={DTIC Document}
}
